@inproceedings{ge2020canis,
  title={Canis: A High-Level Language for Data-Driven Chart Animations},
  author={Ge, Tong and Zhao, Yue and Lee, Bongshin and Ren, Donghao and Chen, Baoquan and Wang, Yunhai},
  booktitle={Computer Graphics Forum},
  volume={39},
  number={3},
  pages={607--617},
  year={2020},
  organization={Wiley Online Library}
}

@book{blazer2019animated,
  title={Animated Storytelling},
  author={Blazer, Liz},
  year={2019},
  publisher={Peachpit Press}
}

@article{brehmer2016timelines,
  title={Timelines revisited: A design space and considerations for expressive storytelling},
  author={Brehmer, Matthew and Lee, Bongshin and Bach, Benjamin and Riche, Nathalie Henry and Munzner, Tamara},
  journal={IEEE transactions on visualization and computer graphics},
  volume={23},
  number={9},
  pages={2151--2164},
  year={2016},
  publisher={IEEE}
}

@article{amini2016authoring,
  title={Authoring data-driven videos with dataclips},
  author={Amini, Fereshteh and Riche, Nathalie Henry and Lee, Bongshin and Monroy-Hernandez, Andres and Irani, Pourang},
  journal={IEEE transactions on visualization and computer graphics},
  volume={23},
  number={1},
  pages={501--510},
  year={2016},
  publisher={IEEE}
}

@article{hullman2013deeper,
  title={A deeper understanding of sequence in narrative visualization},
  author={Hullman, Jessica and Drucker, Steven and Riche, Nathalie Henry and Lee, Bongshin and Fisher, Danyel and Adar, Eytan},
  journal={IEEE Transactions on visualization and computer graphics},
  volume={19},
  number={12},
  pages={2406--2415},
  year={2013},
  publisher={IEEE}
}

@inproceedings{shi2021communicating,
  title={Communicating with motion: A design space for animated visual narratives in data videos},
  author={Shi, Yang and Lan, Xingyu and Li, Jingwen and Li, Zhaorui and Cao, Nan},
  booktitle={Proceedings of the 2021 CHI Conference on Human Factors in Computing Systems},
  pages={1--13},
  year={2021}
}

@online{howlong,
  title = {The Animation Process â€“ Complete Step by Step Guide},
  year = 2023,
  url = {https://www.yumyumvideos.com/the-animation-process-a-complete-step-by-step-guide/},
  urldate = {2023-06-30}
}

@online{AdobeAI,
  title = {Adobe Illustrator},
  year = 2023,
  url = {https://www.adobe.com/products/illustrator.html},
  urldate = {2023-06-30}
}

@online{AdobeAE,
  title = {Adobe After Effects},
  year = 2023,
  url = {https://www.adobe.com/products/aftereffects.html},
  urldate = {2023-06-30}
}

@article{bostock2011d3,
  title={D$^3$ data-driven documents},
  author={Bostock, Michael and Ogievetsky, Vadim and Heer, Jeffrey},
  journal={IEEE transactions on visualization and computer graphics},
  volume={17},
  number={12},
  pages={2301--2309},
  year={2011},
  publisher={IEEE}
}

@inproceedings{thompson2020understanding,
  title={Understanding the design space and authoring paradigms for animated data graphics},
  author={Thompson, John and Liu, Zhicheng and Li, Wilmot and Stasko, John},
  booktitle={Computer Graphics Forum},
  volume={39},
  number={3},
  pages={207--218},
  year={2020},
  organization={Wiley Online Library}
}

@inproceedings{lu2020exploring,
  title={Exploring visual information flows in infographics},
  author={Lu, Min and Wang, Chufeng and Lanir, Joel and Zhao, Nanxuan and Pfister, Hanspeter and Cohen-Or, Daniel and Huang, Hui},
  booktitle={Proceedings of the 2020 CHI conference on human factors in computing systems},
  pages={1--12},
  year={2020}
}

@article{heer2010declarative,
  title={Declarative language design for interactive visualization},
  author={Heer, Jeffrey and Bostock, Michael},
  journal={IEEE Transactions on Visualization and Computer Graphics},
  volume={16},
  number={6},
  pages={1149--1156},
  year={2010},
  publisher={IEEE}
}

@inproceedings{liu2018data,
  title={Data illustrator: Augmenting vector design tools with lazy data binding for expressive visualization authoring},
  author={Liu, Zhicheng and Thompson, John and Wilson, Alan and Dontcheva, Mira and Delorey, James and Grigg, Sam and Kerr, Bernard and Stasko, John},
  booktitle={Proceedings of the 2018 CHI Conference on Human Factors in Computing Systems},
  pages={1--13},
  year={2018}
}

@inproceedings{wang2021animated,
  title={Animated Presentation of Static Infographics with InfoMotion},
  author={Wang, Yun and Gao, Yi and Huang, Ray and Cui, Weiwei and Zhang, Haidong and Zhang, Dongmei},
  booktitle={Computer Graphics Forum},
  volume={40},
  number={3},
  pages={507--518},
  year={2021},
  organization={Wiley Online Library}
}

@inproceedings{bateman2010useful,
  title={Useful junk? The effects of visual embellishment on comprehension and memorability of charts},
  author={Bateman, Scott and Mandryk, Regan L and Gutwin, Carl and Genest, Aaron and McDine, David and Brooks, Christopher},
  booktitle={Proceedings of the SIGCHI conference on human factors in computing systems},
  pages={2573--2582},
  year={2010}
}

@inproceedings{haroz2015isotype,
  title={Isotype visualization: Working memory, performance, and engagement with pictographs},
  author={Haroz, Steve and Kosara, Robert and Franconeri, Steven L},
  booktitle={Proceedings of the 33rd annual ACM conference on human factors in computing systems},
  pages={1191--1200},
  year={2015}
}

@article{borkin2013makes,
  title={What makes a visualization memorable?},
  author={Borkin, Michelle A and Vo, Azalea A and Bylinskii, Zoya and Isola, Phillip and Sunkavalli, Shashank and Oliva, Aude and Pfister, Hanspeter},
  journal={IEEE transactions on visualization and computer graphics},
  volume={19},
  number={12},
  pages={2306--2315},
  year={2013},
  publisher={IEEE}
}

@article{wang2019emotional,
  title={An emotional response to the value of visualization},
  author={Wang, Yun and Segal, Adrien and Klatzky, Roberta and Keefe, Daniel F and Isenberg, Petra and Hurtienne, J{\"o}rn and Hornecker, Eva and Dwyer, Tim and Barrass, Stephen},
  journal={IEEE computer graphics and applications},
  volume={39},
  number={5},
  pages={8--17},
  year={2019},
  publisher={IEEE}
}

@inproceedings{jahanlou2022katika,
  title={Katika: An End-to-End System for Authoring Amateur Explainer Motion Graphics Videos},
  author={Jahanlou, Amir and Chilana, Parmit K},
  booktitle={Proceedings of the 2022 CHI Conference on Human Factors in Computing Systems},
  pages={1--14},
  year={2022}
}

@inproceedings{thompson2021data,
  title={Data animator: Authoring expressive animated data graphics},
  author={Thompson, John R and Liu, Zhicheng and Stasko, John},
  booktitle={Proceedings of the 2021 CHI Conference on Human Factors in Computing Systems},
  pages={1--18},
  year={2021}
}

@online{flourish,
  title = {Flourish | Data Visualization \& Storytelling},
  year = 2023,
  url = {https://flourish.studio/},
  urldate = {2023-06-30}
}

@online{msppt,
  title = {Microsoft PowerPoint Slide Presentation Software},
  year = 2023,
  url = {https://www.microsoft.com/microsoft-365/powerpoint},
  urldate = {2023-06-30}
}

@inproceedings{grammel2013survey,
  title={A Survey of Visualization Construction User Interfaces.},
  author={Grammel, Lars and Bennett, Chris and Tory, Melanie and Storey, Margaret-Anne D},
  booktitle={EuroVis (Short Papers)},
  pages={019--023},
  year={2013}
}

@ARTICLE{mcnutt2023nogrammar,
  author={McNutt, Andrew M.},
  journal={IEEE Transactions on Visualization and Computer Graphics}, 
  title={No Grammar to Rule Them All: A Survey of JSON-style DSLs for Visualization}, 
  year={2023},
  volume={29},
  number={1},
  pages={160-170},
  doi={10.1109/TVCG.2022.3209460}}

@online{processing,
  title = {Processing.org},
  year = 2023,
  url = {https://processing.org/},
  urldate = {2023-06-30}
}

@article{zong2022animated,
  title={Animated Vega-Lite: Unifying Animation with a Grammar of Interactive Graphics},
  author={Zong, Jonathan and Pollock, Josh and Wootton, Dylan and Satyanarayan, Arvind},
  journal={IEEE Transactions on Visualization and Computer Graphics},
  volume={29},
  number={1},
  pages={149--159},
  year={2022},
  publisher={IEEE}
}

@article{kim2020gemini,
  title={Gemini: A grammar and recommender system for animated transitions in statistical graphics},
  author={Kim, Younghoon and Heer, Jeffrey},
  journal={IEEE Transactions on Visualization and Computer Graphics},
  volume={27},
  number={2},
  pages={485--494},
  year={2020},
  publisher={IEEE}
}

@inproceedings{kim2021gemini,
  title={Gemini 2: Generating keyframe-oriented animated transitions between statistical graphics},
  author={Kim, Younghoon and Heer, Jeffrey},
  booktitle={2021 IEEE Visualization Conference (VIS)},
  pages={201--205},
  year={2021},
  organization={IEEE}
}

@inproceedings{ge2021cast,
  title={Cast: Authoring data-driven chart animations},
  author={Ge, Tong and Lee, Bongshin and Wang, Yunhai},
  booktitle={Proceedings of the 2021 CHI Conference on Human Factors in Computing Systems},
  pages={1--15},
  year={2021}
}

@online{gganimate,
  title = {A Grammar of Animated Graphics | gganimate},
  url = {https://gganimate.com},
  year = {2023}
}

@book{eisenberg2014svg,
  author = {Eisenberg, J. David and Bellamy-Royds, Amelia},
  title = {SVG Essentials: Producing Scalable Vector Graphics with XML},
  year = {2014},
  publisher = {O'Reilly Media, Inc.}
}

@article{satyanarayan2015reactive,
  title={Reactive vega: A streaming dataflow architecture for declarative interactive visualization},
  author={Satyanarayan, Arvind and Russell, Ryan and Hoffswell, Jane and Heer, Jeffrey},
  journal={IEEE transactions on visualization and computer graphics},
  volume={22},
  number={1},
  pages={659--668},
  year={2015},
  publisher={IEEE}
}

@misc{json-schema-org,
  title = {JSON Schema},
  howpublished = {\url{https://json-schema.org}},
  year = {2023}
}

@inproceedings{blackwell2001cognitive,
  title={Cognitive dimensions of notations: Design tools for cognitive technology},
  author={Blackwell, Alan F and Britton, Carol and Cox, Anna and Green, Thomas RG and Gurr, Corin and Kadoda, Gada and Kutar, Maria S and Loomes, Martin and Nehaniv, Chrystopher L and Petre, Marian and others},
  booktitle={Cognitive Technology: Instruments of Mind: 4th International Conference, CT 2001 Coventry, UK, August 6--9, 2001 Proceedings},
  pages={325--341},
  year={2001},
  organization={Springer}
}

@inproceedings{jahanlou2020challenges,
  title={Challenges in getting started in motion graphic design: Perspectives from casual and professional motion designers},
  author={Jahanlou, Amir and Odom, William and Chilana, Parmit},
  booktitle={Graphics Interface 2021},
  year={2020}
}

@inproceedings{cheng2022investigating,
  title={Investigating the Role and Interplay of Narrations and Animations in Data Videos},
  author={Cheng, Hao and Wang, Junhong and Wang, Yun and Lee, Bongshin and Zhang, Haidong and Zhang, Dongmei},
  booktitle={Computer Graphics Forum},
  volume={41},
  number={3},
  pages={527--539},
  year={2022},
  organization={Wiley Online Library}
}

// wonderflow & data player

@article{cui2021mixed,
  title={A mixed-initiative approach to reusing infographic charts},
  author={Cui, Weiwei and Wang, Jinpeng and Huang, He and Wang, Yun and Lin, Chin-Yew and Zhang, Haidong and Zhang, Dongmei},
  journal={IEEE Transactions on Visualization and Computer Graphics},
  volume={28},
  number={1},
  pages={173--183},
  year={2021},
  publisher={IEEE}
}

@book{krasner2013motion,
  title={Motion graphic design: applied history and aesthetics},
  author={Krasner, Jon},
  year={2013},
  publisher={Taylor \& Francis}
}

@inproceedings{sarinastiti2016skill,
  title={Skill level animation technique on dental care motion graphic for children},
  author={Sarinastiti, Widi and Susanto, Dwi and Mutammimah, Rodhiyah},
  booktitle={2016 International Electronics Symposium (IES)},
  pages={389--394},
  year={2016},
  organization={IEEE}
}

@article{satyanarayan2016vega,
  title={Vega-lite: A grammar of interactive graphics},
  author={Satyanarayan, Arvind and Moritz, Dominik and Wongsuphasawat, Kanit and Heer, Jeffrey},
  journal={IEEE transactions on visualization and computer graphics},
  volume={23},
  number={1},
  pages={341--350},
  year={2016},
  publisher={IEEE}
}

@article{zacks2001event,
  title={Event structure in perception and conception.},
  author={Zacks, Jeffrey M and Tversky, Barbara},
  journal={Psychological bulletin},
  volume={127},
  number={1},
  pages={3},
  year={2001},
  publisher={American Psychological Association}
}

@article{shen2023dataplayer,
  author = {L. Shen and Y. Zhang and H. Zhang and Y. Wang},
  title = {Data Player: Automatic Generation of Data Videos with Narration-Animation Interplay},
  journal = {IEEE Transactions on Visualization and Computer Graphics},
  year = {2023},
  note = {To appear in Proc. IEEE VIS'23},
  month = {September},
  volume = {9},
}